<record><leader>00000cas a22000007a 4500</leader><controlfield tag="001">18774478</controlfield><controlfield tag="008">881117d1830183upauuu ne      0    0eng d</controlfield><datafield ind1=" " ind2=" " tag="010"><subfield code="a">sn 88081029 </subfield></datafield><datafield ind1=" " ind2=" " tag="040"><subfield code="a">NPH</subfield><subfield code="b">eng</subfield><subfield code="c">NPH</subfield><subfield code="d">CNK</subfield><subfield code="d">OCLCQ</subfield></datafield><datafield ind1=" " ind2=" " tag="042"><subfield code="a">msc</subfield></datafield><datafield ind1="0" ind2=" " tag="130"><subfield code="a">Union (Warren, Pa.)</subfield></datafield><datafield ind1="1" ind2="4" tag="245"><subfield code="a">The union.</subfield></datafield><datafield ind1=" " ind2=" " tag="260"><subfield code="a">Warren, Warren Co., Pa. :</subfield><subfield code="b">Purviance &amp; Struthers</subfield></datafield><datafield ind1=" " ind2=" " tag="300"><subfield code="a">v. ;</subfield><subfield code="c">50 cm.</subfield></datafield><datafield ind1="1" ind2=" " tag="362"><subfield code="a">Began in 1830.</subfield></datafield><datafield ind1=" " ind2=" " tag="588"><subfield code="a">Description based on: Vol. 1, no. 13 (Aug. 31, 1830).</subfield></datafield><datafield ind1=" " ind2=" " tag="752"><subfield code="a">United States</subfield><subfield code="b">Pennsylvania</subfield><subfield code="c">Warren</subfield><subfield code="d">Warren.</subfield></datafield></record>